@inbook{laertiuslives,
  title={Lives of the Eminent Philosophers, Book II},
	chapter={8},
  author={Diogenes Laertius},
  year={3rd Century AD},
}

@inbook{ciceroinventione,
  title={De Inventione},
  author={Cicero},
  year={85 BC}
}

@book{kfoundation,
  title={K Foundation Burn a Million Quid},
  author={Brook, Chris},
  year={1997},
  publisher={Ellipsis Books}
}

@book{armchair,
  title={The Armchair Economist (revised and updated May 2012): Economics \& Everyday Life},
  author={Landsburg, Steven E},
  year={2007},
  publisher={Simon and Schuster}
}

@book{debt,
  title={{Debt: The First 5,000 Years}},
  author={Graeber, David},
  year={2014},
  publisher={Melville House}
}

@incollection{critical-realism,
  title={Money is a social relation},
  author={Geoffrey Ingham},
  booktitle={{Critical realism in economics: Development and debate}},
  editor={Fleetwood, Steve},
  year={1998},
  publisher={Routledge},
  pages={104--105},
  isbn={978-0415195683}
}

@book{philosophy-of-money,
  title={{The Philosophy of Money}},
  author={Simmel, Georg},
  year={1900}
}

@book{money-mechanism,
  title={{Money and the Mechanism of Exchange}},
  author={William Stanley Jevons},
  year={1875},
  publisher={H.S. King \& Co.}
}

@article{moral,
  title={The Moral Character of Cryptographic Work.},
  author={Rogaway, Phillip},
  journal={IACR Cryptology ePrint Archive},
  volume={2015},
  pages={1162},
  year={2015}
}
