@misc{polkadot,
  title={Polkadot: Vision for a heterogeneous multi-chain framework},
  author={Wood, Gavin},
  year={2016},
  publisher={GitHub}
}

@misc{drivechains,
	Author = {Paul Sztorc},
	Note = {\url{http://www.truthcoin.info/blog/drivechain/}},
	Title = {Drivechain - The Simple Two Way Peg},
	Year = {November 2015}}

@misc{lerner,
	Author = {Sergio Demian Lerner},
	Note = {\url{https://docs.rsk.co/Drivechains_Sidechains_and_Hybrid_2-way_peg_Designs_R9.pdf}},
	Title = {Drivechains, Sidechains and Hybrid 2-Way Peg Designs},
	Year = {2016}}

@online{counterparty,
  title={CounterParty},
  url={https://counterparty.io/},
	howpublished={Available at: \url{https://counterparty.io/}},
	urldate={2019-02-19}
}

@online{bitcoin-dev-guide,
  title={Developer Guide - Bitcoin},
  url={https://bitcoin.org/en/developer-guide},
  howpublished={Available at: \url{https://bitcoin.org/en/developer-guide}},
  urldate={2019-09-16}
}

@booklet{p2sh,
  author="Gavin Andresen",
  title="{BIP} 0016: {Pay to Script Hash}",
  year="2012",
  month="Jan",
  howpublished="Available at: \url{https://github.com/bitcoin/bips/blob/master/bip-0016.mediawiki}",
}

@phdthesis{tendermint,
  title={Tendermint: Byzantine fault tolerance in the age of blockchains},
  author={Buchman, Ethan},
  year={2016}
}

@article{plasma,
  title={Plasma: Scalable autonomous smart contracts},
  author={Poon, Joseph and Buterin, Vitalik},
  journal={White paper},
  year={2017}
}

@misc{interledger,
	Author = {Stefan Thomas and Evan Schwartz},
	Date-Added = {2018-05-05 14:52:46 +0000},
	Date-Modified = {2018-05-05 14:53:10 +0000},
	Howpublished = {https://interledger.org/interledger.pdf},
	Title = {A Protocol for Interledger Payments}}

@online{reputation-pledges,
  author="Sam Patterson",
	title="Proof-of-burn and Reputation Pledges",
	url={https://www.openbazaar.org/blog/proof-of-burn-and-reputation-pledges/},
	year={2014},
	month="Aug",
	howpublished={Available at: \url{https://www.openbazaar.org/blog/proof-of-burn-and-reputation-pledges/}}
}

@article{eip6,
  title={Renaming SUICIDE opcode},
  author={Hudson Jameson},
  journal={URL: https://github.com/ethereum/EIPs/blob/master/EIPS/eip-6.md},
  year={2015}
}

@article{erc20,
  title={ERC-20 Token Standard. Sept. 2017},
  author={Vogelsteller, Fabian and Buterin, Vitalik},
  journal={URL: https://github.com/ethereum/EIPs/blob/master/EIPS/eip-20-tokenstandard.md},
  year={2015}
}

@article{eip55,
  title={Mixed-case checksum address encoding. Jan. 2016},
  author={Vitalik Buterin and Alex Van de Sande},
  journal={URL: https://github.com/ethereum/EIPs/blob/master/EIPS/eip-55.md},
  year={2016}
}

@misc{openzeppelin-erc20,
  title={OpenZeppelin crowdsale contract},
  author = {Smart Contract Solutions, Inc},
  year = 2017,
	howpublished={Available at: \url{https://github.com/OpenZeppelin/openzeppelin-solidity/blob/v2.0.0-rc.1/contracts/token/ERC20/ERC20.sol}},
  url = {https://github.com/OpenZeppelin/openzeppelin-solidity/blob/v2.0.0-rc.1/contracts/token/ERC20/ERC20.sol},
  urldate = {2018-09-24}
}

@article{ico,
  title={Interactive coin offerings},
  author={Teutsch, Jason and Buterin, Vitalik and Brown, Christopher},
  journal={Available at: \url{https://people.cs.uchicago.edu/~teutsch/papers/ico.pdf}},
  urldate={2017-11-16},
  year={2017}
}

@online{opentimestamps,
  title={{OpenTimestamps: Scalable, Trustless, Distributed Timestamping with Bitcoin (2016)}},
  author={Todd, Peter},
  url={https://petertodd.org/2016/opentimestamps-announcement},
	howpublished={Available at: \url{https://petertodd.org/2016/opentimestamps-announcement}},
	year={2016},
	urldate={2019-02-19}
}

@misc{comit,
	title={{COMIT: Cryptographically-secure Off-chain Multi-asset Instant
Transaction network}},
  author={Hosp, Julian and Hoenisch, Toby and Kittiwongsunthorn, Paul},
	year={2017},
	howpublished={Available at: \url{https://www.comit.network/doc/COMIT%20white%20paper%20v1.0.2.pdf}},
	url={https://www.comit.network/doc/COMIT%20white%20paper%20v1.0.2.pdf},
  urldate = {2018-09-25}
}

@online{interesting-address,
  title={Interesting Bitcoin address, Bitcoin forum post},
  author={suppp},
  year=2013,
  url={https://bitcointalk.org/index.php?topic=237143.0},
  urldate={2019-09-22},
  howpublished={Available at: \url{https://bitcointalk.org/index.php?topic=237143.0}}
}

@online{bitcoin-spv-library,
  title={summa-tx/bitcoin-spv: utilities for Bitcoin SPV proof verification on other chains},
  url={https://github.com/summa-tx/bitcoin-spv/},
  howpublished={Available at: \url{https://github.com/summa-tx/bitcoin-spv/}},
  urldate={2019-08-30}
}

@online{namecoin,
  title={Namecoin},
  author={Loibl, Andreas and Naab, J},
  url={https://namecoin.org},
  howpublished={Available at: \url{https://namecoin.org}},
  year={2011}
}

@online{litecoin,
  title={Litecoin},
  author={Charlie Lee},
  url={https://litecoin.org},
  howpublished={Available at: \url{https://litecoin.org}},
  year={2011}
}

@online{dogecoin,
  title={Dogecoin},
  author={Billy Markus and Jackson Palmer},
  url={https://dogecoin.com},
  howpublished={Available at: \url{https://dogecoin.com}},
  year={2013}
}

@article{secp256k1,
  title={SEC 2: Recommended elliptic curve domain parameters},
  author={Qu, Minghua},
  journal={Certicom Res., Mississauga, ON, Canada, Tech. Rep. SEC2-Ver-0.6},
  year={1999},
  publisher={Citeseer}
}

@article{zcash,
  title={Zcash protocol specification},
  author={Hopwood, Daira and Bowe, Sean and Hornby, Taylor and Wilcox, Nathan},
  journal={GitHub},
  year={2016}
}
