@article{sidechains,
	Author = {Back, Adam and Corallo, Matt and Dashjr, Luke and Friedenbach, Mark and Maxwell, Gregory and Miller, Andrew and Poelstra, Andrew and Tim{\'o}n, Jorge and Wuille, Pieter},
	Note = {\url{https://blockstream.com/sidechains.pdf}},
	Title = {Enabling blockchain innovations with pegged sidechains},
	Year = {2014}}

@inproceedings{velvet,
	Author = {Zamyatin, Alexei and Stifter, Nicholas and Judmayer, Aljosha and Schindler, Philipp and Weippl, Edgar and Knottenbelt, William and Zamyatin, Alexei},
	Booktitle = {International Conference on Financial Cryptography and Data Security},
	Organization = {Springer},
	Title = {A Wild Velvet Fork Appears! Inclusive Blockchain Protocol Changes in Practice},
	Year = {2018}}

@inproceedings{popow,
  title={Proofs of proofs of work with sublinear complexity},
  author={Kiayias, Aggelos and Lamprou, Nikolaos and Stouka, Aikaterini-Panagiota},
  booktitle={International Conference on Financial Cryptography and Data Security},
  pages={61--78},
  year={2016},
  organization={Springer},
	publisher={Springer}
}

@misc{tiernolan,
  Author = {Tier Nolan},
  Howpublished = {\url{bitcointalk.org}},
  Month = {May},
  Title = {{Alt chains and atomic transfers}},
  Year = {2013},
  Bdsk-Url-1 = {https://bitcointalk.org/index.php?topic=193281#msg2224949}
}

@inproceedings{herlihy2018atomic,
  title={{Atomic cross-chain swaps}},
  author={Herlihy, Maurice},
  booktitle={Proceedings of the 2018 ACM symposium on principles of distributed computing},
  pages={245--254},
  year={2018}
}

@misc{highway,
	Author = {Andrew Miller},
	Date-Added = {2019-05-16 00:09:50 +0200},
	Date-Modified = {2019-05-16 00:09:50 +0200},
	Howpublished = {bitcoin forum post},
	Title = {The high-value-hash highway},
	Year = {2012}}

@misc{friedenbach,
	author={Mark Friedenbach},
	title={{Compact SPV proofs via block header commitments}},
	year={2014},
	url={https://sourceforge.net/p/bitcoin/mailman/message/32111357/},
	howpublished={Available at: \url{https://sourceforge.net/p/bitcoin/mailman/message/32111357/}}
}

@inproceedings{xclaim,
  title={{XCLAIM: Trustless, interoperable, cryptocurrency-backed assets}},
  author={Zamyatin, Alexei and Harz, Dominik and Lind, Joshua and Panayiotou, Panayiotis and Gervais, Arthur and Knottenbelt, William},
  booktitle={2019 IEEE Symposium on Security and Privacy (SP)},
  pages={193--210},
  year={2019},
  organization={IEEE}
}

@article{coda,
  title={Coda: Decentralized cryptocurrency at scale},
  author={Meckler, Izaak and Shapiro, Evan},
  year={2018}
}

@booklet{stewart,
  author="Iain Stewart",
  title="Proof of burn - Bitcoin Wiki",
  year="2012",
  month="Dec",
  howpublished="Available at: \url{https://en.bitcoin.it/wiki/Proof_of_burn}",
}

@article{flyclient,
  title={Flyclient: Super-Light Clients for Cryptocurrencies.},
  author={B{\"u}nz, Benedikt and Kiffer, Lucianna and Luu, Loi and Zamani, Mahdi},
  booktitle={To appear in 2020 IEEE Symposium on Security and Privacy (SP)},
  year={2020},
  organization={IEEE}
}

@inproceedings{sharding,
	Author = {Loi Luu and Viswesh Narayanan and Chaodong Zheng and Kunal Baweja and Seth Gilbert and Prateek Saxena},
	Bibsource = {dblp computer science bibliography, http://dblp.org},
	Biburl = {http://dblp.org/rec/bib/conf/ccs/LuuNZBGS16},
	Booktitle = {Proceedings of the 2016 {ACM} {SIGSAC} Conference on Computer and Communications Security, Vienna, Austria, October 24-28, 2016},
	Date-Added = {2018-02-13 12:02:30 +0000},
	Date-Modified = {2018-02-13 12:02:30 +0000},
	Doi = {10.1145/2976749.2978389},
	Pages = {17--30},
	Timestamp = {Mon, 24 Oct 2016 18:57:12 +0200},
	Title = {A Secure Sharding Protocol For Open Blockchains},
	Url = {http://doi.acm.org/10.1145/2976749.2978389},
	Year = {2016},
	Bdsk-Url-1 = {http://doi.acm.org/10.1145/2976749.2978389},
	Bdsk-Url-2 = {https://dx.doi.org/10.1145/2976749.2978389}}

@article{federated-interoperability,
	Archiveprefix = {arXiv},
	Author = {Johnny Dilley and Andrew Poelstra and Jonathan Wilkins and Marta Piekarska and Ben Gorlick and Mark Friedenbach},
	Bibsource = {dblp computer science bibliography, https://dblp.org},
	Biburl = {https://dblp.org/rec/bib/journals/corr/DilleyPWPGF16},
	Date-Added = {2018-05-05 14:48:37 +0000},
	Date-Modified = {2018-05-05 14:48:37 +0000},
	Eprint = {1612.05491},
	Journal = {CoRR},
	Timestamp = {Wed, 07 Jun 2017 14:41:34 +0200},
	Title = {Strong Federations: An Interoperable Blockchain Solution to Centralized Third Party Risks},
	Url = {http://arxiv.org/abs/1612.05491},
	Volume = {abs/1612.05491},
	Year = {2016},
	Bdsk-Url-1 = {http://arxiv.org/abs/1612.05491}}

@techreport{nocust,
  title={NOCUST--A Non-Custodial 2 nd-Layer Financial Intermediary},
  author={Khalil, Rami and Gervais, Arthur},
  year={2018},
  institution={Cryptology ePrint Archive, Report 2018/642. \url{https://eprint.iacr.org/2018/642}}
}

@article{plasmacash,
  title={{Plasma Cash: Towards more efficient Plasma constructions}},
  author={Konstantopoulos, Georgios},
  journal={arXiv preprint arXiv:1911.12095},
  year={2019},
	Url = {https://arxiv.org/pdf/1911.12095.pdf},
	Volume = {abs/1612.05491},
	Bdsk-Url-1 = {https://arxiv.org/pdf/1911.12095.pdf}
}

@article{dogethereum,
  title={Retrofitting a two-way peg between blockchains},
  author={Teutsch, Jason and Straka, Michael and Boneh, Dan},
  journal={arXiv preprint arXiv:1908.03999},
  year={2019},
	Url = {https://people.cs.uchicago.edu/~teutsch/papers/dogethereum.pdf}
}

@online{btcrelay,
  title={{BTC Relay}},
  url={https://github.com/ethereum/btcrelay},
  author={Joseph Chow},
  howpublished={Available at: \url{https://github.com/ethereum/btcrelay}},
  urldate={2020-01-01},
	month={Dec},
	year={2014}
}

@misc{lightning,
  title={The bitcoin lightning network: Scalable off-chain instant payments},
  author={Poon, Joseph and Dryja, Thaddeus},
  year={2016}
}
