@article{chernoff2014career,
  title={A career in statistics},
  author={Chernoff, Herman},
  journal={Past, Present, and Future of Statistical Science},
  pages={29},
  year={2014},
  publisher={Chapman and Hall/CRC}
}

@article{chernoff1952measure,
  title={A measure of asymptotic efficiency for tests of a hypothesis based on the sum of observations},
  author={Chernoff, Herman and others},
  journal={The Annals of Mathematical Statistics},
  volume={23},
  number={4},
  pages={493--507},
  year={1952},
  publisher={Institute of Mathematical Statistics}
}

@inbook{mcdiarmid1998,
	Address = {Berlin, Heidelberg},
	Author = {McDiarmid, Colin},
	Chapter = {Concentration},
	Doi = {10.1007/978-3-662-12788-9_6},
	Isbn = {978-3-662-12788-9},
	Pages = {195--248},
	Publisher = {Springer Berlin Heidelberg},
	Title = {Probabilistic Methods for Algorithmic Discrete Mathematics},
	Url = {http://dx.doi.org/10.1007/978-3-662-12788-9_6},
	Year = {1998},
	Bdsk-Url-1 = {http://dx.doi.org/10.1007/978-3-662-12788-9_6}}

@book{shoup,
 title={{A Computational Introduction to Number Theory and Algebra}},
 author={Shoup, Victor},
 year={2008},
 pages={83},
 url={https://www.shoup.net/ntb/ntb-v2.pdf},
 chapter={Computing with large integers},
 publisher={Cambridge University Press}
}

@book{ross,
  title={{A First Course in Probability}},
  author={Ross, Sheldon M},
  year={2019},
  publisher={Pearson Boston, MA},
  edition=10
}

@book{liu,
  title={{Elements of Discrete Mathematics}},
  author={C. L. Liu},
  year={1985},
  publisher={McGraw-Hill},
  edition=2,
  isbn={978-0071005449}
}
